@misc{cmllisboa2019,
    author       = {Câmara Municipal de Lisboa},
    title        = {Grandes Opções do Plano para a cidade de Lisboa - 2019 | 2022},
    year         = {2019},
    howpublished = {Lisboa}
}

@misc{microsoft2023,
    author       = {Microsoft},
    title        = {Windows Server 2012 and 2012 R2 reaching end of support},
    year         = {2023},
    month        = may,
    note         = {Disponível em: \url{https://learn.microsoft.com/en-us/lifecycle/announcements/windows-server-2012-r2-end-of-support}},
    howpublished = {Consultado em Maio de 2023}
}

@misc{opengroup2025,
    author       = {The Open Group},
    title        = {Archi - Archimate Modelling},
    year         = {2025},
    month        = mar,
    note         = {Disponível em: \url{https://www.archimatetool.com/}},
    howpublished = {Consultado em Março de 2025}
}

@misc{visualparadigm2025,
    author       = {Visual Paradigm},
    title        = {Full Archimate Viewpoints Guide},
    year         = {2025},
    note         = {Disponível em: \url{https://www.visual-paradigm.com/guide/archimate/full-archimate-viewpoints-guide/}},
    howpublished = {Consultado em 2025}
}
